@article{QT,
  title={The quadtree and related hierarchical data structures},
  author={Samet, Hanan},
  journal={ACM Computing Surveys (CSUR)},
  volume={16},
  number={2},
  pages={187--260},
  year={1984},
  publisher={ACM New York, NY, USA}
}